@book{latex,
  title = {LaTeX : A Documentation Preparation System User's Guide and Reference Manual},
  publisher = {Addison-Wesley Professional},
  year = {1994},
  author = {Leslie Lamport}
}
@Article{Nieuwenhuis,
	author  = {Robert Nieuwenhuis and Albert Oliveras},
	journal = {Elsevier},
	title   = {Proof-Producing Congruence Closure},
	year    = {2005},
	address = {Jordi Girona 1, 08034 Barcelona, Spain},
}
@book{nipkow2002isabelle,
	title={Isabelle/HOL: a proof assistant for higher-order logic},
	author={Nipkow, Tobias and Paulson, Lawrence C and Wenzel, Markus},
	volume={2283},
	year={2002},
	publisher={Springer Science \& Business Media}
}
@article{Sep,
	author  = {Peter Lammich and Rene Meis},
	title   = {A Separation Logic Framework for Imperative HOL},
	journal = {Archive of Formal Proofs},
	month   = {November},
	year    = {2012},
	note    = {\url{https://isa-afp.org/entries/Separation_Logic_Imperative_HOL.html},
	Formal proof development},
	ISSN    = {2150-914x},
}