@book{isabelle,
    author={Tobias Nipkow and Lawrence C. Paulson and Markus Wenzel},
    title={{Isabelle/HOL --- A Proof Assistant for Higher-Order Logic}},
    publisher={Springer},
    series={LNCS},
    volume=2283,
    year=2002
}

@Article{union_find_afp,
  author  = {Peter Lammich and Rene Meis},
  journal = {Archive of Formal Proofs},
  title   = {A Separation Logic Framework for Imperative HOL},
  year    = {2012},
  issn    = {2150-914x},
  note    = {\url{https://isa-afp.org/entries/Separation_Logic_Imperative_HOL.html}, Formal proof development},
}

@Article{unionfind-og,
  author    = {Bernard A. Galler and Michael J. Fisher},
  journal   = {Communications of the {ACM}},
  title     = {An improved equivalence algorithm},
  year      = {1964},
  number    = {5},
  pages     = {301--303},
  volume    = {7},
  doi       = {10.1145/364099.364331},
  publisher = {Association for Computing Machinery ({ACM})},
}

@Article{unionfind_tarjan,
  author    = {Robert Endre Tarjan},
  journal   = {Journal of Computer and System Sciences},
  title     = {A class of algorithms which require nonlinear time to maintain disjoint sets},
  year      = {1979},
  number    = {2},
  pages     = {110--127},
  volume    = {18},
  doi       = {10.1016/0022-0000(79)90042-4},
  publisher = {Elsevier {BV}},
}

@InProceedings{unionfind-persistent,
  author    = {Sylvain Conchon and Jean-Christophe Filli{\^{a}}tre},
  booktitle = {Proceedings of the 2007 workshop on Workshop on {ML} - {ML} {\textquotesingle}07},
  title     = {A persistent union-find data structure},
  year      = {2007},
  publisher = {{ACM} Press},
  doi       = {10.1145/1292535.1292541},
}

@Article{unionfind_isabelle,
  author    = {Peter Lammich},
  journal   = {Journal of Automated Reasoning},
  title     = {Refinement to Imperative {HOL}},
  year      = {2017},
  number    = {4},
  pages     = {481--503},
  volume    = {62},
  doi       = {10.1007/s10817-017-9437-1},
  publisher = {Springer Science and Business Media {LLC}},
}

@InProceedings{congruenceclosure-ac,
  author    = {Kapur, Deepak},
  title     = {A Modular Associative Commutative (AC) Congruence Closure Algorithm},
  year      = {2021},
  publisher = {Schloss Dagstuhl - Leibniz-Zentrum für Informatik},
  copyright = {Creative Commons Attribution 4.0 International license},
  doi       = {10.4230/LIPICS.FSCD.2021.15},
  keywords  = {Congruence Closure, Associative and Commutative, Word Problems, Finitely Presented Algebras, Equational Theories, Software and its engineering, Theory of computation, Mathematics of computing},
}

@InCollection{congcl_proofs,
  author    = {Robert Nieuwenhuis and Albert Oliveras},
  booktitle = {Lecture Notes in Computer Science},
  publisher = {Springer Berlin Heidelberg},
  title     = {Proof-Producing Congruence Closure},
  year      = {2005},
  pages     = {453--468},
  doi       = {10.1007/978-3-540-32033-3_33},
}

@Article{congruenceclosure-og,
  author    = {Greg Nelson and Derek C. Oppen},
  journal   = {Journal of the {ACM}},
  title     = {Fast Decision Procedures Based on Congruence Closure},
  year      = {1980},
  number    = {2},
  pages     = {356--364},
  volume    = {27},
  doi       = {10.1145/322186.322198},
  publisher = {Association for Computing Machinery ({ACM})},
}

@Article{congruenceclosure-og2,
  author    = {Robert E. Shostak},
  journal   = {Communications of the {ACM}},
  title     = {An algorithm for reasoning about equality},
  year      = {1978},
  number    = {7},
  pages     = {583--585},
  volume    = {21},
  doi       = {10.1145/359545.359570},
  publisher = {Association for Computing Machinery ({ACM})},
}

@Article{congcl_fast_extensions,
  author    = {Robert Nieuwenhuis and Albert Oliveras},
  journal   = {Information and Computation},
  title     = {Fast congruence closure and extensions},
  year      = {2007},
  number    = {4},
  pages     = {557--580},
  volume    = {205},
  doi       = {10.1016/j.ic.2006.08.009},
  publisher = {Elsevier {BV}},
}

@InCollection{congcl_lean,
  author    = {Daniel Selsam and Leonardo de Moura},
  booktitle = {Automated Reasoning},
  publisher = {Springer International Publishing},
  title     = {Congruence Closure in Intensional Type Theory},
  year      = {2016},
  pages     = {99--115},
  doi       = {10.1007/978-3-319-40229-1_8},
}

@InCollection{z3,
  author    = {Leonardo de Moura and Nikolaj Bj{\o}rner},
  booktitle = {Tools and Algorithms for the Construction and Analysis of Systems},
  publisher = {Springer Berlin Heidelberg},
  title     = {Z3: An Efficient {SMT} Solver},
  year      = {2008},
  pages     = {337--340},
  doi       = {10.1007/978-3-540-78800-3_24},
}

@InCollection{cvc4,
  author    = {Clark Barrett and Christopher L. Conway and Morgan Deters and Liana Hadarean and Dejan Jovanovi{\'{c}} and Tim King and Andrew Reynolds and Cesare Tinelli},
  booktitle = {Computer Aided Verification},
  publisher = {Springer Berlin Heidelberg},
  title     = {{CVC}4},
  year      = {2011},
  pages     = {171--177},
  doi       = {10.1007/978-3-642-22110-1_14},
}

@MastersThesis{congcl_coq,
  author = {Corbineau, Pierre},
  school = {Université Paris-Sud},
  title  = {Autour de la cl{\^{o}}ture de congruence avec Coq},
  year   = {2001},
}

@Article{congruenceclosure-og3,
  author    = {Peter J. Downey and Ravi Sethi and Robert Endre Tarjan},
  journal   = {Journal of the {ACM}},
  title     = {Variations on the Common Subexpression Problem},
  year      = {1980},
  number    = {4},
  pages     = {758--771},
  volume    = {27},
  doi       = {10.1145/322217.322228},
  publisher = {Association for Computing Machinery ({ACM})},
}


@InProceedings{union_find_imp_hol,
  author =	{Maximilian P. L. Haslbeck and Peter Lammich},
  title =	{{Refinement with Time - Refining the Run-Time of Algorithms in Isabelle/HOL}},
  booktitle =	{10th International Conference on Interactive Theorem Proving (ITP 2019)},
  pages =	{20:1--20:18},
  ISBN =	{978-3-95977-122-1},
  ISSN =	{1868-8969},
  year =	{2019},
  URL =		{http://drops.dagstuhl.de/opus/volltexte/2019/11075},
  doi =		{10.4230/LIPIcs.ITP.2019.20},
}

@InCollection{imperative_hol,
  author    = {Lukas Bulwahn and Alexander Krauss and Florian Haftmann and Levent Erkök and John Matthews},
  booktitle = {Lecture Notes in Computer Science},
  publisher = {Springer Berlin Heidelberg},
  title     = {Imperative Functional Programming with Isabelle/{HOL}},
  year      = {2008},
  pages     = {134--149},
  doi       = {10.1007/978-3-540-71067-7_14},
}

@InCollection{congcl_ctors,
  author    = {Pierre Corbineau},
  booktitle = {Lecture Notes in Computer Science},
  publisher = {Springer Berlin Heidelberg},
  title     = {Deciding Equality in the Constructor Theory},
  pages     = {78--92},
  doi       = {10.1007/978-3-540-74464-1_6},
}

@online{congcl_workshop,
  title     = {{A Decision Procedure for Equivalence Relations}},
  note = {The Coq Workshop 2020},
  url       = {https://coq-workshop.gitlab.io/2020/#talk-1-1-3},
  urldate   = {2020-09-12},
  label={WCoq},
}

@inproceedings{lifting_transfer,
  author       = {Brian Huffman and
                  Ondrej Kuncar},
  editor       = {Georges Gonthier and
                  Michael Norrish},
  title        = {Lifting and Transfer: {A} Modular Design for Quotients in Isabelle/HOL},
  booktitle    = {Certified Programs and Proofs - Third International Conference, {CPP}
                  2013, Melbourne, VIC, Australia, December 11-13, 2013, Proceedings},
  series       = {Lecture Notes in Computer Science},
  volume       = {8307},
  pages        = {131--146},
  publisher    = {Springer},
  year         = {2013},
  url          = {https://doi.org/10.1007/978-3-319-03545-1\_9},
  doi          = {10.1007/978-3-319-03545-1\_9},
}
